@book{riscv,
 author = {Patterson, David and Waterman, Andrew},
 title = {The RISC-V Reader: an open architecture Atlas},
 year = {2017},
 isbn = {099924910X, 9780999249109},
 publisher = {Strawberry Canyon},
}
